<?xml version="1.0" encoding="UTF-8"?><collection xmlns="http://www.loc.gov/MARC21/slim"><record><leader>00410nam--2200121-i-4500</leader><controlfield tag="001">000025498</controlfield><controlfield tag="002">20161230</controlfield><controlfield tag="005">20161230201036</controlfield><controlfield tag="008">060222s1000------------r-----000-0-eng-d</controlfield><datafield ind1=" " ind2=" " tag="245"><subfield code="a">Les journees d`information sur l`automatisme organisees par le commissariat general a la productivite ... paris 10 fev.1956, 2e edition</subfield></datafield><datafield ind1=" " ind2=" " tag="260"><subfield code="a">Paris, Sedep, /1956/, 222p</subfield></datafield><datafield ind1=" " ind2=" " tag="490"><subfield code="a">Documents, N-o Hors Serie C</subfield></datafield><datafield ind1=" " ind2=" " tag="852"><subfield code="a">12386</subfield></datafield></record></collection>